@article{sheffer2006mpm,
  title={{Mesh parameterization methods and their applications}},
  author={Sheffer, A. and Praun, E. and Rose, K.},
  journal={Foundations and Trends{\textregistered} in Computer Graphics and Vision},
  volume={2},
  number={2},
  pages={105--171},
  year={2006},
  publisher={Now Publishers Inc. Hanover, MA, USA}
}
@TechReport{,
author = {OVH},
title = {Solution Fullmanaged Datagest},
institution = {OVH},
year = {2011},
OPTkey = {•},
OPTtype = {•},
OPTnumber = {•},
OPTaddress = {•},
OPTmonth = {•},
OPTnote = {•},
OPTannote = {•}
}

